@article{menger:origen,
	author 		= {Carl Menger},
	title 		= {On the Origin of Money},
	journal		= {The Economic Journal},
	year 		= {1892},
	editor 		= {Royal Economic Society},
	language 	= {Ingl\'{e}s},
	volume 		= {2},
	number 		= {6},
	address 	= {Oxford},
	publisher 	= {Oxford University Press},
	location 	= {Inglaterra},
	month 		= {Junio},
	pages 		= {239-255},
}

@book{mises:lah,
	author 		= {von Mises, Ludwig},
	title 		= {La Acci\'{o}n Humana},
	year 		= {2011},
	foreword 	= {Huerta de Soto, Jes\'{u}s},
	translator	= {Reig Albiol, Joaqu\'{i}n},
	language 	= {Espa\~{n}ol},
	origlanguage = {Alem\'{a}n},
	edition 	= {10},
	address 	= {Madrid},
	publisher 	= {Uni\'{o}n Editorial},
	location 	= {Espa\~{n}a},
	isbn 		= {978-8-47-209540-3},
	chapter 	= {17},
	pages 		= {271-272, 483, 488-489},
	pagetotal 	= {1152},
}

@online{mps,
	author 		= {{Mining Pool Stats}},
	title 		= {Trust Pool},
	year 		= {2022},
	url 		= {https://miningpoolstats.stream/},
	lastchecked = {21 de mayo, 2022},
}

@online{cointelegraph,
	author 		= {Sun, Zhiyuan},
	title 		= {Monero community reaches consensus for July hard fork },
	year 		= {2022},
	month 		= {abril},
	day 		= {18},
	url 		= {https://cointelegraph.com},
	lastchecked = {21 de mayo, 2022},
}

@online{pedales,
	author 		= {{JHS Pedals}},
	title 		= {What's the Deal With Behringer?},
	year 		= {2019},
	month 		= {abril},
	day 		= {11},
	url 		= {https://www.youtube.com},
	lastchecked = {29 de mayo, 2022},
}

@article{bitcoin,
	author 		= {Satoshi Nakamoto},
	title 		= {Bitcoin: Un Sistema de Efectivo Electrónico Usuario-a-Usuario},
	journal		= {Bitcoin.org},
	year 		= {2008},
	translator 	= {Ángel León},
	url 		= {https://www.diariobitcoin.com/},
	lastchecked = {31 de mayo, 2022},
}

@article{db:nuevazelanda,
	author 		= {{Doing Business}},
	title 		= {{Economy Profile New Zeland}},
	journal		= {World Bank Group},
	year 		= {2020},
}

@article{db:venezuela,
	author 		= {{Doing Business}},
	title 		= {{Economy Profile Venezuela, RB}},
	journal		= {World Bank Group},
	year 		= {2020},
}

@online{hyperloop,
	author 		= {Justin Gray},
	title 		= {{Hyperloop in OpenMDAO}},
	year 		= {2013},
	month 		= {octubre},
	day 		= {09},
	url 		= {https://openmdao.org},
	lastchecked = {6 de junio, 2022},
}
